@Misc{		  virustotal,
  title		= "{VirusTotal}",
  howpublished	= {URL: https://www.virustotal.com/}
}

@Misc{		  bigcode,
  title		= "{learnbigcode}",
  howpublished	= {URL: http://learnbigcode.github.io/}
}

@article{space-saving,
 author = {Metwally, Ahmed and Agrawal, Divyakant and Abbadi, Amr El},
 title = {An Integrated Efficient Solution for Computing Frequent and Top-k Elements in Data Streams},
 journal = {ACM Trans. Database Syst.},
 issue_date = {September 2006},
 volume = {31},
 number = {3},
 month = sep,
 year = {2006},
 issn = {0362-5915},
 pages = {1095--1133},
 numpages = {39},
 url = {http://doi.acm.org/10.1145/1166074.1166084},
 doi = {10.1145/1166074.1166084},
 acmid = {1166084},
 publisher = {ACM},
 address = {New York, NY, USA},
 keywords = {Data streams, Zipfian data, advertising networks, approximate queries, continuous queries, exact queries, frequent elements, top-k elements},
} 

@inproceedings{hot-calling-context,
 author = {D'Elia, Daniele Cono and Demetrescu, Camil and Finocchi, Irene},
 title = {Mining Hot Calling Contexts in Small Space},
 booktitle = {Proceedings of the 32Nd ACM SIGPLAN Conference on Programming Language Design and Implementation},
 series = {PLDI '11},
 year = {2011},
 isbn = {978-1-4503-0663-8},
 location = {San Jose, California, USA},
 pages = {516--527},
 numpages = {12},
 url = {http://doi.acm.org/10.1145/1993498.1993559},
 doi = {10.1145/1993498.1993559},
 acmid = {1993559},
 publisher = {ACM},
 address = {New York, NY, USA},
 keywords = {data streaming algorithms, dynamic program analysis, frequent items, performance profiling, program instrumentation},
} 

@inproceedings{predicting,
 author = {Kim, Sunghun and Zimmermann, Thomas and Whitehead Jr., E. James and Zeller, Andreas},
 title = {Predicting Faults from Cached History},
 booktitle = {Proceedings of the 29th International Conference on Software Engineering},
 series = {ICSE '07},
 year = {2007},
 isbn = {0-7695-2828-7},
 pages = {489--498},
 numpages = {10},
 url = {http://dx.doi.org/10.1109/ICSE.2007.66},
 doi = {10.1109/ICSE.2007.66},
 acmid = {1248881},
 publisher = {IEEE Computer Society},
 address = {Washington, DC, USA},
} 

@inproceedings{   big-lessons,
  author	= "Pavol Bielik and Veselin Raychev and Martin Vechev",
  title		= "{Programming with "Big Code": Lessons, Techniques and Applications}",
  booktitle	= "SNAPL",
  year		= "2015",
}



@inproceedings{code-completion,
 author = {Raychev, Veselin and Vechev, Martin and Yahav, Eran},
 title = {Code Completion with Statistical Language Models},
 booktitle = {Proceedings of the 35th ACM SIGPLAN Conference on Programming Language Design and Implementation},
 series = {PLDI '14},
 year = {2014},
 isbn = {978-1-4503-2784-8},
 location = {Edinburgh, United Kingdom},
 pages = {419--428},
 numpages = {10},
 url = {http://doi.acm.org/10.1145/2594291.2594321},
 doi = {10.1145/2594291.2594321},
 acmid = {2594321},
 publisher = {ACM},
 address = {New York, NY, USA},
} 