@Misc{		  virustotal,
  title		= "{VirusTotal}",
  howpublished	= {URL: https://www.virustotal.com/}
}

@Misc{		  bigcode,
  title		= "{learnbigcode}",
  howpublished	= {URL: http://learnbigcode.github.io/}
}

@Misc{		  hacker-vt,
  author = {ZETTER, KIM},
  title		= "{A Google Site Meant to Protect You Is Helping Hackers Attack You}",
  howpublished	= {URL: https://www.wired.com/2014/09/how-hackers-use-virustotal/}
}

@Misc{report2016,
 title = {Global Mobile Anti-Malware Market 2016-2020},
 author = {Business Wire}
}

@article{space-saving,
 author = {Metwally, Ahmed and Agrawal, Divyakant and Abbadi, Amr El},
 title = {An Integrated Efficient Solution for Computing Frequent and Top-k Elements in Data Streams},
 journal = {ACM Trans. Database Syst.},
 issue_date = {September 2006},
 volume = {31},
 number = {3},
 month = sep,
 year = {2006},
 issn = {0362-5915},
 pages = {1095--1133},
 numpages = {39},
 url = {http://doi.acm.org/10.1145/1166074.1166084},
 doi = {10.1145/1166074.1166084},
 acmid = {1166084},
 publisher = {ACM},
 address = {New York, NY, USA},
 keywords = {Data streams, Zipfian data, advertising networks, approximate queries, continuous queries, exact queries, frequent elements, top-k elements},
} 

@inproceedings{hot-calling-context,
 author = {D'Elia, Daniele Cono and Demetrescu, Camil and Finocchi, Irene},
 title = {Mining Hot Calling Contexts in Small Space},
 booktitle = {Proceedings of the 32Nd ACM SIGPLAN Conference on Programming Language Design and Implementation},
 series = {PLDI '11},
 year = {2011},
 isbn = {978-1-4503-0663-8},
 location = {San Jose, California, USA},
 pages = {516--527},
 numpages = {12},
 url = {http://doi.acm.org/10.1145/1993498.1993559},
 doi = {10.1145/1993498.1993559},
 acmid = {1993559},
 publisher = {ACM},
 address = {New York, NY, USA},
 keywords = {data streaming algorithms, dynamic program analysis, frequent items, performance profiling, program instrumentation},
} 

@inproceedings{predicting,
 author = {Kim, Sunghun and Zimmermann, Thomas and Whitehead Jr., E. James and Zeller, Andreas},
 title = {Predicting Faults from Cached History},
 booktitle = {Proceedings of the 29th International Conference on Software Engineering},
 series = {ICSE '07},
 year = {2007},
 isbn = {0-7695-2828-7},
 pages = {489--498},
 numpages = {10},
 url = {http://dx.doi.org/10.1109/ICSE.2007.66},
 doi = {10.1109/ICSE.2007.66},
 acmid = {1248881},
 publisher = {IEEE Computer Society},
 address = {Washington, DC, USA},
} 

@inproceedings{   big-lessons,
  author	= "Pavol Bielik and Veselin Raychev and Martin Vechev",
  title		= "{Programming with ``Big Code'': Lessons, Techniques and Applications}",
  booktitle	= "SNAPL",
  year		= "2015",
}


@inproceedings{code-completion,
 author = {Raychev, Veselin and Vechev, Martin and Yahav, Eran},
 title = {Code Completion with Statistical Language Models},
 booktitle = {Proceedings of the 35th ACM SIGPLAN Conference on Programming Language Design and Implementation},
 series = {PLDI '14},
 year = {2014},
 isbn = {978-1-4503-2784-8},
 location = {Edinburgh, United Kingdom},
 pages = {419--428},
 numpages = {10},
 url = {http://doi.acm.org/10.1145/2594291.2594321},
 doi = {10.1145/2594291.2594321},
 acmid = {2594321},
 publisher = {ACM},
 address = {New York, NY, USA},
}

@inproceedings{big-translation,
 author = {Karaivanov, Svetoslav and Raychev, Veselin and Vechev, Martin},
 title = {Phrase-Based Statistical Translation of Programming Languages},
 booktitle = {Proceedings of the 2014 ACM International Symposium on New Ideas, New Paradigms, and Reflections on Programming \& Software},
 series = {Onward! 2014},
 year = {2014},
 isbn = {978-1-4503-3210-1},
 location = {Portland, Oregon, USA},
 pages = {173--184},
 numpages = {12},
 url = {http://doi.acm.org/10.1145/2661136.2661148},
 doi = {10.1145/2661136.2661148},
 acmid = {2661148},
 publisher = {ACM},
 address = {New York, NY, USA},
 keywords = {programming language translation, statistical machine translation},
} 

@inproceedings{big-predicting,
 author = {Raychev, Veselin and Vechev, Martin and Krause, Andreas},
 title = {Predicting Program Properties from "Big Code"},
 booktitle = {Proceedings of the 42Nd Annual ACM SIGPLAN-SIGACT Symposium on Principles of Programming Languages},
 series = {POPL '15},
 year = {2015},
 isbn = {978-1-4503-3300-9},
 location = {Mumbai, India},
 pages = {111--124},
 numpages = {14},
 url = {http://doi.acm.org/10.1145/2676726.2677009},
 doi = {10.1145/2676726.2677009},
 acmid = {2677009},
 publisher = {ACM},
 address = {New York, NY, USA},
 keywords = {big code, closure compiler, conditional random fields, javascript, names, program properties, structured prediction, types},
} 

@inproceedings{neeles,
 author = {Graziano, Mariano and Canali, Davide and Bilge, Leyla and Lanzi, Andrea and Balzarotti, Davide},
 title = {Needles in a Haystack: Mining Information from Public Dynamic Analysis Sandboxes for Malware Intelligence},
 booktitle = {Proceedings of the 24th USENIX Conference on Security Symposium},
 series = {SEC'15},
 year = {2015},
 isbn = {978-1-931971-232},
 location = {Washington, D.C.},
 pages = {1057--1072},
 numpages = {16},
 url = {http://dl.acm.org/citation.cfm?id=2831143.2831210},
 acmid = {2831210},
 publisher = {USENIX Association},
 address = {Berkeley, CA, USA},
} 

@inproceedings{GuoICSE2010,
 author = {Guo, Philip J. and Zimmermann, Thomas and Nagappan, Nachiappan and Murphy, Brendan},
 title = {Characterizing and Predicting Which Bugs Get Fixed: An Empirical Study of {Microsoft Windows}},
 booktitle = {Proceedings of the 32nd ACM/IEEE International Conference on Software Engineering - Volume 1},
 series = {ICSE '10},
 year = {2010},
 isbn = {978-1-60558-719-6},
 location = {Cape Town, South Africa},
 pages = {495--504},
 numpages = {10},
 url = {http://doi.acm.org/10.1145/1806799.1806871},
 doi = {10.1145/1806799.1806871},
 acmid = {1806871},
 publisher = {ACM},
 address = {New York, NY, USA},
}
